<?xml version="1.0" encoding="UTF-8"?><collection xmlns="http://www.loc.gov/MARC21/slim"><record><leader>00468nam--2200181-i-4500</leader><controlfield tag="001">000026730</controlfield><controlfield tag="002">20161230</controlfield><controlfield tag="005">20161230201036</controlfield><controlfield tag="008">060222s1000------------r-----000-0-ger-d</controlfield><datafield ind1=" " ind2=" " tag="040"><subfield code="a">IFIN-HH</subfield></datafield><datafield ind1=" " ind2=" " tag="041"><subfield code="a">ger</subfield></datafield><datafield ind1=" " ind2=" " tag="080"><subfield code="a">517.2</subfield></datafield><datafield ind1="1" ind2=" " tag="100"><subfield code="a">Kipert, Ludwig</subfield></datafield><datafield ind1="1" ind2="0" tag="245"><subfield code="a">Grundriss der differential-rechnung</subfield><subfield code="c">Ludwig kiepert</subfield></datafield><datafield ind1=" " ind2=" " tag="260"><subfield code="a">Hannover</subfield><subfield code="b">Helwingsche Verlagsbuchhandlung</subfield><subfield code="c">1921</subfield></datafield><datafield ind1=" " ind2=" " tag="300"><subfield code="a">XVI+532P</subfield></datafield><datafield ind1=" " ind2=" " tag="852"><subfield code="a">44401</subfield><subfield code="c">H.H</subfield></datafield><datafield ind1=" " ind2=" " tag="CAT"><subfield code="a">Sys</subfield><subfield code="c">20130402</subfield><subfield code="h">161745</subfield></datafield></record></collection>